@Article{DiGregorio:1975,
  author = 	 {S., Di Gregorio and G., Trautteur.},
  title = 	 {On reversibility in Cellular Automata},
  journal =		{Journal of Computer and System Science},
  year = 	 {1975},
}

@Article{Wolfram:1983,
  author = 	 {S., Wolfram},
  title = 	 {Statistical mechanics of cellular automata},
  journal = 	 {Reviews of Modern Physics},
  year = 	 {1983},
}

@Book{Wolfram:2002,
  author = 	 {S., Wolfram},
  title = 	 {A new kind of Science},
  publisher = 	 {Wolfram Media Inc},
  year = 	 {2002},
}

@PhdThesis{Langton:1990,
  author = 	 {C.G., Langton},
  title = 	 {Computation at the edge of caos},
  school = 	 {University of Michigan},
  year = 	 {1990},
}

@Article{Langton1:1990,
  author = 	 {C.G., Langton},
  title = 	 {Computation at the edge of caos: phase transition and emergent computation},
  journal =	 {Physica D},
  year = 	 {1990},
}
@Book{ITPC:2003,
  author = 	 {Ananth, Grama and Anshul, Gupta and George, Karypis and Vipin, Kumar},
  title = 	 {Introduction to Parallel Computing, Second Edition},
  publisher = 	 {Addison Wesley},
  year = 	 {2003},
}

@Book{OpenCL:2012,
  author = 	 {Matthew, Scarpino},
  title = 	 {OpenCL in action},
  publisher = 	 {Manning Publications Co},
  year = 	 {2012},
}

@Book{PMPP:2013,
  author = 	 {David, B. Kirk and Wen-mei, W. Hwu},
  title = 	 {Programming Massively Parallel Processors. A Hands-on Approach. Second Edition},
  publisher = 	 {Elsevier Inc.},
  year = 	 {2013},
}

@Article{Sprangle:2002,
  author = 	 {Eric, Sprangle and Doug, Carmean},
  title = 	 {Incrising Processor Performance by Implementing Deeper Pipelines},
  journal =	 {ACM SIGARCH Computer Architecture News},
  year = 	 {2002},
}

@Article{Hartstein:2002,
  author = 	 {A., Hartstein and Thomas R., Puzak},
  title = 	 {The Optimum Pipeline Depth for a Microprocessor},
  journal =	 {ACM SIGARCH Computer Architecture News},
  year = 	 {2002},
}

@Article{Flynn:1972,
  author = 	 {Michael J, Flynn},
  title = 	 {Some Computer Organizations and Their Effectiveness},
  journal =	 {IEEE TRANSACTIONS ON COMPUTERS, VOL. c-21, NO. 9},
  year = 	 {1972},
}

@Manual{CUDA:2007,
  title = 	 {NVIDIA CUDA Compute Unified Device Architecture
Programming Guide},
}
@Manual{CUDA:2012,
  title = 	 {CUDA Dynamic Parallelism, Programming guide},
}
@Manual{OMP:2013,
  title = 	 {OpenMP Application Program Interface},
}

@Manual{MPI:2012,
  title = 	 {MPI: A Message-Passing Interface Standard},
}

@Book{OpenGL:2004,
  author = 	 {Richard S., Wright and Benjamin, Lipchak},
  title = 	 {OpenGL SuperBible, Third Edition},
  publisher = 	 {Sams Publishing},
  year = 	 {2004},
}

@Misc{Kartashev,
  author = 	 {P., Kartashev and V., Nazaruk},
  title = 	 {Analysis of GPGPU Platforms Efficiency in General-Purpose Computations},
}


@Article{SCIARA:2004,
  author = 	 {G.M., Crisci and S., Di Gregorio and R., Rongo and W., Spataro},
  title = 	 {The simulation model SCIARA: the 1991 and 2001 at Mount Etna},
  journal =	 {Journal of Vulcanogy and Geothermal Research},
  year = 	 {2004},  
}

@Article{SCIDDICA:1999,
  author = 	 {S., Di Gregorio and R., Rongo and C., Siciliano and M., Sorriso-Valvo and W., Spataro},
  title = 	 {Mount Ontake landslide simulation by the cellular automata model SCIDDICA-3},
  journal =	 {Physics and Chemistry of the Earth},
  year = 	 {1999,},  
}

@incollection{FIRE:2004,
  title={Predicting wildfire spreading through a hexagonal cellular automata model},
  author={Trunfio, Giuseppe A},
  booktitle={Cellular Automata},
  pages={385--394},
  year={2004},
  publisher={Springer}
}

@Article{TRAFFIC:1996,
  author = 	 {S., Di Gregorio and D.C., Festa and R., Rongo and W., Spataro and G., Spezzano and D. Talia},
  title = 	 {A microscopic freeway traffic simulator on a highly parallel system},
  journal =  {Parallel Computing: State-of-the-Art and Perspectives},
  year = 	 {1996},
}

@Article{CAMELOT:1996,
  author = 	 {Giandomenico, Spezzano and Domenico, Talia and Salvatore, Di Gregorio and Rocco, Rongo and William, Spataro},
  title = 	 {A parallel cellular tool for interactive modeling and simulation},
  journal =  {Computing in Science and Engineering},
  year = 	 {1996},
}

@article{LIFE:1970,
  title={Mathematical games: The fantastic combinations of John Conway's new solitaire game "life"},
  author={Gardner, Martin},
  journal={Scientific American},
  volume={223},
  number={4},
  pages={120--123},
  year={1970}
}

@inproceedings{STREAM:2009,
  title={Efficient stream compaction on wide SIMD many-core architectures},
  author={Billeter, Markus and Olsson, Ola and Assarsson, Ulf},
  booktitle={Proceedings of the Conference on High Performance Graphics 2009},
  pages={159--166},
  year={2009},
  organization={ACM}
}

@book{GPUGEMS:2007,
 author = {Nguyen, Hubert},
 title = {Gpu Gems 3},
 year = {2007},
 isbn = {9780321545428},
 edition = {First},
 publisher = {Addison-Wesley Professional},
} 

@article{CRYPTO:1994,
  title={Theory and applications of cellular automata in cryptography},
  author={Nandi, S and Kar, BK and Pal Chaudhuri, P},
  journal={Computers, IEEE Transactions on},
  volume={43},
  number={12},
  pages={1346--1357},
  year={1994},
  publisher={IEEE}
}

@Article{POPULATION:???,
  author = 	 {Jason B., Smith},
  title = 	 {Parallelizing a Cellular Automaton Model of Urban QGrowth Prediction with OpenCL},
}

@article{PRECISION:2011,
  title={Precision \& performance: Floating point and IEEE 754 compliance for NVIDIA GPUs},
  author={Whitehead, Nathan and Fit-Florea, Alex},
  journal={rn (A+ B)},
  volume={21},
  pages={1--1874919424},
  year={2011}
}

@article{SCIARA:2001,
author = {Barca, D. and Crisci, G. M. and Gregorio, S.   Di and Nicoletta, F.},
title = {Cellular automata for simulating lava flows: A method and examples of the Etnean eruptions},
journal = {Transport Theory and Statistical Physics},
volume = {23},
number = {1-3},
pages = {195-232},
year = {1994},
}


@inproceedings{libautoti:2008,
  title={Modeling Complex Natural Phenomena with the libAuToti Cellular Automata Library: An example of Application to Lava Flows Simulation.},
  author={Spingola, Giuseppe and D'Ambrosio, Donato and Spataro, William and Rongo, Rocco and Zito, Giuseppe},
  booktitle={PDPTA},
  pages={277--283},
  year={2008}
}